@book{Aho:72,
    author  = {Alfred V. Aho and Jeffrey D. Ullman},
    title   = {The Theory of Parsing, Translation and Compiling},
    year    = "1972",
    volume  = "1",
    publisher = {Prentice-Hall},
    address = {Englewood Cliffs, NJ}
}

@book{APA:83,
    author  = {{American Psychological Association}},
    title   = {Publications Manual},
    year    = "1983",
   publisher = {American Psychological Association},
   address = {Washington, DC}
}

@article{ACM:83,
	author = {Association for Computing Machinery},
	year = "1983",
	journal = {Computing Reviews},
	volume = "24",
	number = "11",
	pages = "503--512"
}

@article{Chandra:81,
	author = {Ashok K. Chandra and Dexter C. Kozen and Larry J. Stockmeyer},
	year = "1981",
	title = {Alternation},
	journal = {Journal of the Association for Computing Machinery},
	volume = "28",
	number = "1",
	pages = "114--133",
	doi = "10.1145/322234.322243",
}

@inproceedings{andrew2007scalable,
  title={Scalable training of {L1}-regularized log-linear models},
  author={Andrew, Galen and Gao, Jianfeng},
  booktitle={Proceedings of the 24th International Conference on Machine Learning},
  pages={33--40},
  year={2007},
}

@book{Gusfield:97,
    author  = {Dan Gusfield},
    title   = {Algorithms on Strings, Trees and Sequences},
    year    = "1997",
    publisher = {Cambridge University Press},
    address = {Cambridge, UK}
}

@inproceedings{borsch2011,
	Address = {Canberra, Australia},
	Author = {Benjamin Borschinger and Mark Johnson},
	Booktitle = {Proceedings of the Australasian Language Technology Association Workshop 2011},
	Month = {December},
	Pages = {10--18},
	Title = {A Particle Filter algorithm for {B}ayesian Wordsegmentation},
	Year = {2011}}

@article{rasooli-tetrault-2015,
    author    = {Mohammad Sadegh Rasooli and Joel R. Tetreault},
    title     = {Yara Parser: {A} Fast and Accurate Dependency Parser},
    journal   = {Computing Research Repository},
    volume    = {arXiv:1503.06733},
    year      = {2015},
    url       = {http://arxiv.org/abs/1503.06733},
    note    = {version 2}
}

@article{Ando2005,
	Acmid = {1194905},
	Author = {Ando, Rie Kubota and Zhang, Tong},
	Issn = {1532-4435},
	Issue_Date = {12/1/2005},
	Journal = {Journal of Machine Learning Research},
	Month = dec,
	Numpages = {37},
	Pages = {1817--1853},
	Publisher = {JMLR.org},
	Title = {A Framework for Learning Predictive Structures from Multiple Tasks and Unlabeled Data},
	Volume = {6},
	Year = {2005}}

@InProceedings{P16-1001,
  author =	"Goodman, James
  	 and Vlachos, Andreas
	     and Naradowsky, Jason",
  title =    "Noise reduction and targeted exploration in imitation learning for      Abstract Meaning Representation parsing    ",
  booktitle = 	    "Proceedings of the 54th Annual Meeting of the Association for      Computational Linguistics (Volume 1: Long Papers)    ",
  year =    "2016",
  publisher =	"Association for Computational Linguistics",
  pages =   "1--11",
  location =	"Berlin, Germany",
  doi =    "10.18653/v1/P16-1001",
  url =    "http://aclweb.org/anthology/P16-1001"
}

@InProceedings{C14-1001,
  author =	"Harper, Mary",
  title = 	"Learning from 26 Languages: Program Management and Science in the {B}abel Program",
  booktitle = 	"Proceedings of COLING 2014, the 25th International Conference on Computational Linguistics: Technical Papers",
  year =    "2014",
  publisher =	"Dublin City University and Association for Computational Linguistics",
  pages =   "1",
  location =	"Dublin, Ireland",
  url =    "http://aclweb.org/anthology/C14-1001"
}

@article{DBLP:journals/tacl/DurrettK14,
	author    = {Greg Durrett and Dan Klein},
	title     = {A Joint Model for Entity Analysis: Coreference, Typing, and Linking},
	journal   = {{TACL}},
	volume    = {2},
	pages     = {477--490},
	year      = {2014},
}


@article{venkitasubramanian2017entity,
	title={Entity linking across vision and language},
	author={Venkitasubramanian, Aparna Nurani and Tuytelaars, Tinne and Moens, Marie-Francine},
	journal={Multimedia Tools and Applications},
	volume={76},
	number={21},
	pages={22599--22622},
	year={2017},
	publisher={Springer}
}

@inproceedings{tilak2017visual,
	title={Visual entity linking},
	author={Tilak, Neha and Gandhi, Sunil and Oates, Tim},
	booktitle={Neural Networks (IJCNN), 2017 International Joint Conference on},
	pages={665--672},
	year={2017},
	organization={IEEE}
}

@inproceedings{karpathy2015deep,
	title={Deep visual-semantic alignments for generating image descriptions},
	author={Karpathy, Andrej and Fei-Fei, Li},
	booktitle={Proceedings of the IEEE conference on computer vision and pattern recognition},
	pages={3128--3137},
	year={2015}
}

@inproceedings{plummer2015flickr30k,
	title={Flickr30k entities: Collecting region-to-phrase correspondences for richer image-to-sentence models},
	author={Plummer, Bryan A and Wang, Liwei and Cervantes, Chris M and Caicedo, Juan C and Hockenmaier, Julia and Lazebnik, Svetlana},
	booktitle={Proceedings of the IEEE international conference on computer vision},
	pages={2641--2649},
	year={2015}
}

@article{corcoglioniti2016frame,
	title={Frame-based ontology population with PIKES},
	author={Corcoglioniti, Francesco and Rospocher, Marco and Aprosio, Alessio Palmero},
	journal={IEEE Transactions on Knowledge and Data Engineering},
	volume={28},
	number={12},
	pages={3261--3275},
	year={2016},
	publisher={IEEE}
}

@inproceedings{KongCVPR14,
	title = {What are you talking about? Text-to-Image Coreference},
	author = {Chen Kong and Dahua Lin and Mohit Bansal and Raquel Urtasun and Sanja Fidler},
	booktitle = {CVPR},
	year = {2014}
}


@inproceedings{ramanathan2014linking,
	title={Linking people in videos with “their” names using coreference resolution},
	author={Ramanathan, Vignesh and Joulin, Armand and Liang, Percy and Fei-Fei, Li},
	booktitle={European Conference on Computer Vision},
	pages={95--110},
	year={2014},
	organization={Springer}
}


@article{weiland2018knowledge,
	title={Knowledge-rich image gist understanding beyond literal meaning},
	author={Weiland, Lydia and Hulpu{\c{s}}, Ioana and Ponzetto, Simone Paolo and Effelsberg, Wolfgang and Dietz, Laura},
	journal={Data \& Knowledge Engineering},
	volume={117},
	pages={114--132},
	year={2018},
	publisher={Elsevier}
}

@inproceedings{weiland2017using,
	title={Using object detection, NLP, and knowledge bases to understand the message of images},
	author={Weiland, Lydia and Hulpus, Ioana and Ponzetto, Simone Paolo and Dietz, Laura},
	booktitle={International Conference on Multimedia Modeling},
	pages={405--418},
	year={2017},
	organization={Springer}
}

@article{shen2015entity,
	title={Entity linking with a knowledge base: Issues, techniques, and solutions},
	author={Shen, Wei and Wang, Jianyong and Han, Jiawei},
	journal={IEEE Transactions on Knowledge and Data Engineering},
	volume={27},
	number={2},
	pages={443--460},
	year={2015},
	publisher={IEEE}
}

@article{sukthanker2018anaphora,
	title={Anaphora and Coreference Resolution: A Review},
	author={Sukthanker, Rhea and Poria, Soujanya and Cambria, Erik and Thirunavukarasu, Ramkumar},
	journal={arXiv preprint arXiv:1805.11824},
	year={2018}
}

@inproceedings{yago,
	author    = {Fabian M. Suchanek and Gjergji Kasneci and Gerhard Weikum},
	title     = {{Yago: A Core of Semantic Knowledge}},
	booktitle = {16th International Conference on the World Wide Web},
	pages     = {697--706},
	year      = {2007}
}
@inproceedings{doddington2004automatic,
	title={The Automatic Content Extraction (ACE) Program-Tasks, Data, and Evaluation.},
	author={Doddington, George R and Mitchell, Alexis and Przybocki, Mark A and Ramshaw, Lance A and Strassel, Stephanie and Weischedel, Ralph M},
	booktitle={LREC},
	volume={2},
	pages={1},
	year={2004}
}


@article{han2018advanced,
	title={Advanced deep-learning techniques for salient and category-specific object detection: a survey},
	author={Han, Junwei and Zhang, Dingwen and Cheng, Gong and Liu, Nian and Xu, Dong},
	journal={IEEE Signal Processing Magazine},
	volume={35},
	number={1},
	pages={84--100},
	year={2018},
	publisher={IEEE}
}

@article{goyal2018recent,
	title={Recent Named Entity Recognition and Classification techniques: A systematic review},
	author={Goyal, Archana and Gupta, Vishal and Kumar, Manish},
	journal={Computer Science Review},
	volume={29},
	pages={21--43},
	year={2018},
	publisher={Elsevier}
}

@INPROCEEDINGS{huang2017unsupervised,
	author={D. Huang and J. J. Lim and L. Fei-Fei and J. C. Niebles},
	booktitle={2017 IEEE Conference on Computer Vision and Pattern Recognition (CVPR)},
	title={Unsupervised Visual-Linguistic Reference Resolution in Instructional Videos},
	year={2017},
	pages={1032-1041},
}

@article{2015ijswis,
	Author = {Francesco Corcoglioniti and Marco Rospocher and Roldano Cattoni and Bernardo Magnini and Luciano Serafini},
	Journal = {Int. J. Semantic Web Inf. Syst.},
	Number = {2},
	Pages = {1-35},
	Title = {The {K}nowledge{S}tore: a Storage Framework for Interlinking Unstructured and Structured Knowledge},
	Volume = {11},
	Year = {2015}
}

@inproceedings{nif2013iswc,
	author={Hellmann, Sebastian and Lehmann, Jens and Auer, Sören and Brümmer, Martin},
	title={Integrating {NLP} Using {L}inked {D}ata},
	booktitle={Proc. of ISWC},
	year={2013},
	pages={98-113},
}


@article{krishnavisualgenome,
	title={Visual Genome: Connecting Language and Vision Using Crowdsourced Dense Image Annotations},
	author={Ranjay Krishna and Yuke Zhu and Oliver Groth and Justin Johnson and Kenji Hata and Joshua Kravitz and Stephanie Chen and Yannis Kalantidis and Li-Jia Li and David A. Shamma and Michael S. Bernstein and Li Fei-Fei},
	journal={International Journal of Computer Vision},
	year={2016},
	volume={123},
	pages={32-73}
}

@article{wordnet,
	author = {Miller, George A.},
	title = {WordNet: A Lexical Database for English},
	journal = {Commun. ACM},
	issue_date = {Nov. 1995},
	volume = {38},
	number = {11},
	month = nov,
	year = {1995},
	issn = {0001-0782},
	pages = {39--41},
	numpages = {3},
	url = {http://doi.acm.org/10.1145/219717.219748},
	doi = {10.1145/219717.219748},
	acmid = {219748},
	publisher = {ACM},
	address = {New York, NY, USA},
} 

@inproceedings{lu2016visual,
	title={Visual relationship detection with language priors},
	author={Lu, Cewu and Krishna, Ranjay and Bernstein, Michael and Fei-Fei, Li},
	booktitle={European Conference on Computer Vision},
	pages={852--869},
	year={2016},
	organization={Springer}
}


@article{martinez2018information,
	title={Information extraction meets the Semantic Web: A survey},
	author={Martinez-Rodriguez, Jose L and Hogan, Aidan and Lopez-Arevalo, Ivan},
	journal={Semantic Web},
	pages={1--81},
	year={2018},
	publisher={IOS Press},
	note={Preprint}
}


@inproceedings{rdfpro2015sac,
	Author = {Francesco Corcoglioniti and Marco Rospocher and Michele Mostarda and Marco Amadori},
	booktitle = {Proc. of ACM Symposium on Applied Computing (SAC)},
	Title = {Processing Billions of {RDF} Triples on a Single Machine using Streaming and Sorting},
	Year = {2015},
	pages = {368-375},
	isbn = {978-1-4503-3196-8},
	publisher = {ACM}
}

@inproceedings{lin2014microsoft,
	title={Microsoft coco: Common objects in context},
	author={Lin, Tsung-Yi and Maire, Michael and Belongie, Serge and Hays, James and Perona, Pietro and Ramanan, Deva and Doll{\'a}r, Piotr and Zitnick, C Lawrence},
	booktitle={European conference on computer vision},
	pages={740--755},
	year={2014},
	organization={Springer}
}


@inproceedings{sharma2018conceptual,
	title = {Conceptual Captions: A Cleaned, Hypernymed, Image Alt-text Dataset For Automatic Image Captioning},
	author = {Sharma, Piyush and Ding, Nan and Goodman, Sebastian and Soricut, Radu},
	booktitle = {Proceedings of ACL},
	year = {2018},
}



@inproceedings{antol2015vqa,
	title={Vqa: Visual question answering},
	author={Antol, Stanislaw and Agrawal, Aishwarya and Lu, Jiasen and Mitchell, Margaret and Batra, Dhruv and Lawrence Zitnick, C and Parikh, Devi},
	booktitle={Proceedings of the IEEE international conference on computer vision},
	pages={2425--2433},
	year={2015}
}

@inproceedings{das2017visual,
	title={Visual dialog},
	author={Das, Abhishek and Kottur, Satwik and Gupta, Khushi and Singh, Avi and Yadav, Deshraj and Moura, Jos{\'e} MF and Parikh, Devi and Batra, Dhruv},
	year={2017},
	booktitle={Proceedings of the IEEE Conference on Computer Vision and Pattern Recognition},
	volume=2,
}


@article{bracamonte2017extracting,
	title={Extracting semantic knowledge from web context for multimedia IR: a taxonomy, survey and challenges},
	author={Bracamonte, Teresa and Bustos, Benjamin and Poblete, Barbara and Schreck, Tobias},
	journal={Multimedia tools and applications},
	pages={1--37},
	year={2017},
	publisher={Springer}
}

